@ARTICLE{first, 
author={R. Mijumbi and J. Serrat and J. L. Gorricho and N. Bouten and F. De Turck and R. Boutaba}, 
journal={IEEE Communications Surveys Tutorials}, 
title={Network Function Virtualization: State-of-the-Art and Research Challenges}, 
year={2016}, 
volume={18}, 
number={1}, 
pages={236-262}, 
keywords={software defined networking;telecommunication services;NFV paradigm;SDN;capital expenses;cloud computing;decoupling network functions;network function virtualization;operating expenses;software defined networking;standardization;telecommunication service provisioning;Hardware;III-V semiconductor materials;Indium phosphide;Servers;Software;Tutorials;Virtualization;Network function virtualization;cloud computing;future Internet;software defined networking;virtual network functions}, 
doi={10.1109/COMST.2015.2477041}, 
ISSN={1553-877X}, 
month={Firstquarter},}

@ARTICLE{second, 
author={S. Abdelwahab and B. Hamdaoui and M. Guizani and T. Znati}, 
journal={IEEE Communications Magazine}, 
title={Network function virtualization in 5G}, 
year={2016}, 
volume={54}, 
number={4}, 
pages={84-91}, 
keywords={5G mobile communication;quality of experience;radio access networks;software defined networking;telecommunication power management;ubiquitous computing;virtualisation;5G design;5G radio access networks;5G wireless technology;CoMP;D2D communication;ETSI NFV Industry Specification Group;SDN technologies;energy savings;massive device connectivity;network capacity;network function virtualization;network overlay;network resources;pervasive networking;quality of experience;service abstraction;software defined networking;ubiquitous networking;ultra densified networks;virtualized computing;5G mobile communication;Computer architecture;Logic gates;Quality of service;Radio access networks;Wireless communication}, 
doi={10.1109/MCOM.2016.7452271}, 
ISSN={0163-6804}, 
month={April},}

@INPROCEEDINGS{third, 
author={W. John and K. Pentikousis and G. Agapiou and E. Jacob and M. Kind and A. Manzalini and F. Risso and D. Staessens and R. Steinert and C. Meirosu}, 
booktitle={2013 IEEE SDN for Future Networks and Services (SDN4FNS)}, 
title={Research Directions in Network Service Chaining}, 
year={2013}, 
volume={}, 
number={}, 
pages={1-7}, 
keywords={research and development;telecommunication network management;telecommunication security;NSC;carrier networks;carrier-grade telecommunication networks;network service chain;network service chaining;research directions;security considerations;service chain debugging;service chain deployment;service chain description;service chain programming;service deployment concept;standardization;Context;Hardware;Middleboxes;Optimization;Security;Software;Virtualization}, 
doi={10.1109/SDN4FNS.2013.6702549}, 
ISSN={}, 
month={Nov},}

@ARTICLE{fourth, 
author={A. Gupta and B. Jaumard and M. Tornatore and B. Mukherjee}, 
journal={IEEE Journal on Selected Areas in Communications}, 
title={A Scalable Approach for Service Chain Mapping With Multiple SC Instances in a Wide-Area Network}, 
year={2018}, 
volume={36}, 
number={3}, 
pages={529-541}, 
keywords={integer programming;linear programming;telecommunication network routing;telecommunication traffic;virtualisation;wide area networks;2PhMod;CG-ILP scalability;NFV nodes;SC mapping;VNFs;complex problem;distributed node pairs;in-sequence routing;joint VNF placement;multiple SC instances;network resource consumption;network topologies;scalable approach;service chain mapping;service deployment;single instance;traffic flows;two-phase column-generation;virtual network functions;wide-area network network function virtualization;Bandwidth;Computational modeling;Hardware;Network topology;Resource management;Routing;Wide area networks;Network function virtualization (NFV);service chain (SC);virtual network function (VNF)}, 
doi={10.1109/JSAC.2018.2815298}, 
ISSN={0733-8716}, 
month={March},}